@inproceedings{steinmetz2020auraloss,
  title     = {auraloss: {A}udio focused loss functions in {PyTorch}},
  author    = {Steinmetz, Christian J. and Reiss, Joshua D.},
  booktitle = {Digital Music Research Network One-day Workshop (DMRN+15)},
  year      = {2020}
}

@book{opensourceseparation:book,
  author    = {Ethan Manilow and Prem Seetharman and Justin Salamon},
  month     = Oct.,
  publisher = {https://source-separation.github.io/tutorial},
  title     = {Open Source Tools \& Data for Music Source Separation},
  year      = 2020,
  url       = {https://source-separation.github.io/tutorial}
}

@inproceedings{gong21b_interspeech,
  author    = {Yuan Gong and Yu-An Chung and James Glass},
  title     = {{AST: Audio Spectrogram Transformer}},
  year      = 2021,
  booktitle = {Proc. Interspeech 2021},
  pages     = {571--575},
  doi       = {10.21437/Interspeech.2021-698}
}

@inproceedings{ddsp,
  title     = {DDSP: Differentiable Digital Signal Processing},
  author    = {Jesse Engel and Lamtharn (Hanoi) Hantrakul and Chenjie Gu and Adam Roberts},
  booktitle = {International Conference on Learning Representations},
  year      = {2020},
  url       = {https://openreview.net/forum?id=B1x1ma4tDr}
}

@inproceedings{ddsp_icml,
  title     = {Self-supervised Pitch Detection with Inverse Audio Synthesis},
  author    = {Jesse Engel and Rigel Swavely and Lamtharn (Hanoi) Hantrakul and Adam Roberts and Curtis Hawthorne},
  booktitle = {International Conference on Machine Learning, Self-supervised Audio and Speech Workshop},
  year      = {2020},
  url       = {https://openreview.net/forum?id=RlVTYWhsky7}
}

@inproceedings{manilow2019cutting,
  title        = {Cutting Music Source Separation Some {Slakh}: A Dataset to Study the Impact of Training Data Quality and Quantity},
  author       = {Manilow, Ethan and Wichern, Gordon and Seetharaman, Prem and Le Roux, Jonathan},
  booktitle    = {Proc. IEEE Workshop on Applications of Signal Processing to Audio and Acoustics (WASPAA)},
  year         = {2019},
  organization = {IEEE}
}

@book{muller2021fundamentals,
  title     = {Fundamentals of Music Processing: Using Python and Jupyter Notebooks},
  author    = {M{\"u}ller, Meinard},
  volume    = {2},
  year      = {2021},
  publisher = {Springer}
}

@misc{mariani2023multisource,
  title         = {Multi-Source Diffusion Models for Simultaneous Music Generation and Separation},
  author        = {Giorgio Mariani and Irene Tallini and Emilian Postolache and Michele Mancusi and Luca Cosmo and Emanuele Rodolà},
  year          = {2023},
  eprint        = {2302.02257},
  archiveprefix = {arXiv},
  primaryclass  = {cs.SD}
}

@misc{défossez2019demucs,
      title={Demucs: Deep Extractor for Music Sources with extra unlabeled data remixed}, 
      author={Alexandre Défossez and Nicolas Usunier and Léon Bottou and Francis Bach},
      year={2019},
      eprint={1909.01174},
      archivePrefix={arXiv},
      primaryClass={cs.SD}
}

@inproceedings{rouard2022hybrid,
  title     = {Hybrid Transformers for Music Source Separation},
  author    = {Rouard, Simon and Massa, Francisco and D{\'e}fossez, Alexandre},
  booktitle = {ICASSP 23},
  year      = {2023}
}

@article{Serra1990,
  issn      = {01489267, 15315169},
  url       = {http://www.jstor.org/stable/3680788},
  author    = {Xavier Serra and Julius Smith},
  journal   = {Computer Music Journal},
  number    = {4},
  pages     = {12--24},
  publisher = {The MIT Press},
  title     = {Spectral Modeling Synthesis: A Sound Analysis/Synthesis System Based on a Deterministic Plus Stochastic Decomposition},
  urldate   = {2023-12-19},
  volume    = {14},
  year      = {1990}
}